@book{huth2004logic,
  title={Logic in Computer Science: Modelling and reasoning about systems},
  author={Huth, Michael and Ryan, Mark},
  year={2004},
  publisher={Cambridge university press}
}
@misc{julia,
  author = {NumFocus},
  title = {The {Julia} Language},
  howpublished = "\url{https://julialang.org/}",
  year = {2018}, 
  note = "[Online; accessed 2018-12-06]"
}
